@misc{betancourt2020,
    title={Hierarchical Modeling},
    author={Betancourt, Michael},
    year={2020},
    url={https://betanalpha.github.io/assets/case_studies/hierarchical_modeling.html}
}
